<?xml version="1.0" encoding="UTF-8"?>
<collection xmlns:xsi="http://www.w3.org/2001/XMLSchema-instance" xsi:schemaLocation="http://www.loc.gov/MARC21/slim http://www.loc.gov/standards/marcxml/schema/MARC21slim.xsd" xmlns="http://www.loc.gov/MARC21/slim">
<record>
  <leader>01271cam a2200289Ma 4500</leader>
  <controlfield tag="001">3071692</controlfield>
  <controlfield tag="003">NNC</controlfield>
  <controlfield tag="005">20160105170905.0</controlfield>
  <controlfield tag="008">840207q19001940ua            000 0 ara d</controlfield>
  <datafield tag="035" ind1=" " ind2=" ">
    <subfield code="a">(OCoLC)777083050</subfield>
  </datafield>
  <datafield tag="035" ind1=" " ind2=" ">
    <subfield code="a">(OCoLC)ocn777083050</subfield>
  </datafield>
  <datafield tag="035" ind1=" " ind2=" ">
    <subfield code="9">ATP4696CU</subfield>
  </datafield>
  <datafield tag="035" ind1=" " ind2=" ">
    <subfield code="a">(NNC)3071692</subfield>
  </datafield>
  <datafield tag="040" ind1=" " ind2=" ">
    <subfield code="a">NNC</subfield>
    <subfield code="c">NNC</subfield>
  </datafield>
  <datafield tag="100" ind1="1" ind2=" ">
    <subfield code="6">880-01</subfield>
    <subfield code="a">Ḥusayn, Ismāʻīl.</subfield>
  </datafield>
  <datafield tag="245" ind1="1" ind2="0">
    <subfield code="6">880-02</subfield>
    <subfield code="a">Ibn Nubātah al-shāʻir al-Miṣrī :</subfield>
    <subfield code="b">baḥth wa-naqd wa-taḥlīl /</subfield>
    <subfield code="c">bi-qalam Ismāʻīl Ḥusayn.</subfield>
  </datafield>
  <datafield tag="260" ind1=" " ind2=" ">
    <subfield code="6">880-03</subfield>
    <subfield code="a">[Cairo?] :</subfield>
    <subfield code="b">Maṭbaʻat al-Ādāb wa-al-Funūn,</subfield>
    <subfield code="c">[1900-1940]</subfield>
  </datafield>
  <datafield tag="300" ind1=" " ind2=" ">
    <subfield code="a">42 pages ;</subfield>
    <subfield code="c">25 cm</subfield>
  </datafield>
  <datafield tag="336" ind1=" " ind2=" ">
    <subfield code="a">text</subfield>
    <subfield code="b">txt</subfield>
    <subfield code="2">rdacontent</subfield>
  </datafield>
  <datafield tag="337" ind1=" " ind2=" ">
    <subfield code="a">unmediated</subfield>
    <subfield code="b">n</subfield>
    <subfield code="2">rdamedia</subfield>
  </datafield>
  <datafield tag="338" ind1=" " ind2=" ">
    <subfield code="a">volume</subfield>
    <subfield code="b">nc</subfield>
    <subfield code="2">rdacarrier</subfield>
  </datafield>
  <datafield tag="600" ind1="1" ind2="0">
    <subfield code="6">880-04</subfield>
    <subfield code="a">Ibn Nubātah, Muḥammad ibn Muḥammad,</subfield>
    <subfield code="d">1287-1366.</subfield>
  </datafield>
  <datafield tag="600" ind1="1" ind2="7">
    <subfield code="a">Ibn Nubātah, Muḥammad ibn Muḥammad,</subfield>
    <subfield code="d">1287-1366.</subfield>
    <subfield code="2">fast</subfield>
    <subfield code="0">(OCoLC)fst00287748</subfield>
  </datafield>
  <datafield tag="880" ind1="1" ind2=" ">
    <subfield code="6">100-01/r</subfield>
    <subfield code="a">حسين، اسماعيل.</subfield>
  </datafield>
  <datafield tag="880" ind1="1" ind2="0">
    <subfield code="6">245-02/r</subfield>
    <subfield code="a">ابن نباته الشاعر المصري :</subfield>
    <subfield code="b">بحث ونقدوتحليل /</subfield>
    <subfield code="c">بقلم اسماعيل حسين.</subfield>
  </datafield>
  <datafield tag="880" ind1=" " ind2=" ">
    <subfield code="6">260-03/r</subfield>
    <subfield code="a">[القاهرة؟] :</subfield>
    <subfield code="b">مطبعة الآداب والفنون،</subfield>
    <subfield code="c">[--٩١؟]</subfield>
  </datafield>
  <datafield tag="880" ind1="1" ind2="4">
    <subfield code="6">600-04/r</subfield>
    <subfield code="a">ابن نباته ،محمدبن محمد.</subfield>
  </datafield>
  <datafield tag="955" ind1=" " ind2=" ">
    <subfield code="b">0026815265</subfield>
    <subfield code="d">glx</subfield>
    <subfield code="e">893.7Ib524 D</subfield>
  </datafield>
</record>
</collection>